@article{roffe2019,
  title   = {Quantum error correction: an introductory guide},
  author  = {Roffe, J.},
  journal = {Contemporary Physics},
  year    = {2019},
  doi     = {10.1080/00107514.2019.1667078}
}

@article{google2023,
  title   = {Suppressing quantum errors by scaling a surface code logical qubit},
  author  = {{Google Quantum AI}},
  journal = {Nature},
  year    = {2023},
  volume  = {614},
  pages   = {676--681},
  doi     = {10.1038/s41586-022-05434-1}
}

@article{krinner2022,
  title   = {Realizing repeated quantum error correction in a distance-three surface code},
  author  = {Krinner, S. and Lacroix, N. and Remm, A. and et al.},
  journal = {Nature},
  year    = {2022},
  volume  = {605},
  pages   = {669--674},
  doi     = {10.1038/s41586-022-04566-8}
}

@misc{marques2019,
  title         = {Repeated quantum error detection in a surface code},
  author        = {Marques, J. F. and Varbanov, B. V. and Moreira, M. S. and Ali, H. and Muthusubramanian, N. and Vlothuizen, W. and Beekman, M. and Haider, N. and Vlothuizen, W. and Muthusubramanian, N. and Moreira, M. S. and Varbanov, B. V. and Krinner, S.},
  year          = {2019},
  archiveprefix = {arXiv},
  eprint        = {1912.09410},
  note          = {arXiv:1912.09410},
  primaryclass  = {quant-ph},
  url           = {https://arxiv.org/abs/1912.09410}
}

@misc{gutierrez2014,
  title         = {Low-distance surface codes under realistic quantum noise},
  author        = {Guti√©rrez, M. and Krishna, A. and Varbanov, B. V. and Brown, B. J.},
  year          = {2014},
  archiveprefix = {arXiv},
  eprint        = {1404.3747},
  note          = {arXiv:1404.3747},
  primaryclass  = {quant-ph},
  url           = {https://arxiv.org/abs/1404.3747}
}

@misc{varsamopoulos2023,
  title         = {Optimal adaptation of surface-code decoders to local noise},
  author        = {Varsamopoulos, S. and Aliferis, P.},
  year          = {2023},
  archiveprefix = {arXiv},
  eprint        = {2403.08706},
  note          = {arXiv:2403.08706},
  primaryclass  = {quant-ph},
  url           = {https://arxiv.org/abs/2403.08706}
}

@misc{watson2023,
  title         = {Low-overhead defect-adaptive surface code with bandage-like super-stabilizers},
  author        = {Watson, D.},
  year          = {2023},
  archiveprefix = {arXiv},
  eprint        = {2404.18644},
  note          = {arXiv:2404.18644},
  primaryclass  = {quant-ph},
  url           = {https://arxiv.org/abs/2404.18644}
}
